<?xml version="1.0" encoding="UTF-8"?><collection xmlns="http://www.loc.gov/MARC21/slim"><record><leader>00374nam--2200133-i-4500</leader><controlfield tag="001">000006694</controlfield><controlfield tag="002">20161230</controlfield><controlfield tag="005">20161230201026</controlfield><controlfield tag="008">060222s1000------------r-----000-0-eng-d</controlfield><datafield ind1=" " ind2=" " tag="100"><subfield code="a">Cooper, A.R</subfield></datafield><datafield ind1=" " ind2=" " tag="245"><subfield code="a">Chemical processing in the atomic energy industry</subfield></datafield><datafield ind1=" " ind2=" " tag="260"><subfield code="a">London, Iliffe Books, Ltd., 1964 8 + 160 P</subfield></datafield><datafield ind1=" " ind2=" " tag="490"><subfield code="a">Nuclear Reactor Technology Series</subfield></datafield><datafield ind1=" " ind2=" " tag="852"><subfield code="a">19621</subfield></datafield></record></collection>